@book{book:1678036,
   title =     {Handbuch Industrie 4.0 Bd.3: Logistik},
   author =    {Birgit Vogel-Heuser, Thomas Bauernhansl, Michael ten Hompel (eds.)},
   publisher = {Springer Vieweg},
   isbn =      {978-3-662-53250-8,978-3-662-53251-5,978-3-662-53252-2},
   year =      {2017},
   series =    {Springer Reference Technik},
   edition =   {2},
   volume =    {}}
   
@article{Kapsalis2017,
author = {Kapsalis, Andreas and Kasnesis, Panagiotis and Venieris, Iakovos S and Dimitra, I},
journal = {IEEE Cloud Computing},
pages = {36--45},
title = {{CONNECTING FOG AND CLOUD COMPUTING Fog Approach for Effective Workload Balancing}},
year = {2017}
}
